@book{examplebook,
  author    = {Autor Książki},
  title     = {Tytuł Książki},
  publisher = {Wydawnictwo},
  year      = {2023},
}

@article{example2,
  author = {Author Name},
  title = {Example Title},
  journal = {Example Journal},
  year = {2023},
  volume = {1},
  number = {1},
  pages = {1-10}
}
